@article{gong2019exploiting,
  title={Exploiting edge features for graph neural networks},
  author={Gong, Liyu and Cheng, Qiang},
  booktitle={Proceedings of the IEEE Conference on Computer Vision and Pattern Recognition},
  pages={9211--9219},
  year={2019}
}

@article{chen2017supervised,
  title={Supervised community detection with line graph neural networks},
  author={Chen, Zhengdao and Li, Xiang and Bruna, Joan},
  journal={arXiv preprint arXiv:1705.08415},
  year={2017}
}

@article{zhang2018end,
  title={An end-to-end deep learning architecture for graph classification},
  author={Zhang, Muhan and Cui, Zhicheng and Neumann, Marion and Chen, Yixin},
  booktitle={Thirty-Second AAAI Conference on Artificial Intelligence},
  year={2018}
}

@article{kipf2016semi,
  title={Semi-supervised classification with graph convolutional networks},
  author={Kipf, Thomas N and Welling, Max},
  journal={arXiv preprint arXiv:1609.02907},
  year={2016}
}

@article{srivastava14dropout,
  author  = {Nitish Srivastava and Geoffrey Hinton and Alex Krizhevsky and Ilya Sutskever and Ruslan Salakhutdinov},
  title   = {Dropout: A Simple Way to Prevent Neural Networks from Overfitting},
  journal = {Journal of Machine Learning Research},
  year    = {2014},
  volume  = {15},
  number  = {56},
  pages   = {1929-1958},
  url     = {http://jmlr.org/papers/v15/srivastava14a.html}
}

@article{maaten2008visualizing,
  title={Visualizing data using t-SNE},
  author={Maaten, Laurens van der and Hinton, Geoffrey},
  journal={Journal of machine learning research},
  volume={9},
  number={Nov},
  pages={2579--2605},
  year={2008}
}

@book{goodfellow2016deep,
    title={Deep Learning},
    author={Ian Goodfellow and Yoshua Bengio and Aaron Courville},
    publisher={MIT Press},
    note={\url{http://www.deeplearningbook.org}},
    year=2016
}

@incollection{bengio2012practical,
  title={Practical recommendations for gradient-based training of deep architectures},
  author={Bengio, Yoshua},
  booktitle={Neural networks: Tricks of the trade},
  pages={437--478},
  year={2012},
  publisher={Springer}
}

@article{painsky2018universality,
  title={On the universality of the logistic loss function},
  author={Painsky, Amichai and Wornell, Gregory},
  booktitle={2018 IEEE International Symposium on Information Theory (ISIT)},
  pages={936--940},
  year={2018},
  organization={IEEE}
}

@article{ruder2016overview,
  title={An overview of gradient descent optimization algorithms},
  author={Ruder, Sebastian},
  journal={arXiv preprint arXiv:1609.04747},
  year={2016}
}

@article{wang2019learning,
  title={Learning ReLU networks on linearly separable data: Algorithm, optimality, and generalization},
  author={Wang, Gang and Giannakis, Georgios B and Chen, Jie},
  journal={IEEE Transactions on Signal Processing},
  volume={67},
  number={9},
  pages={2357--2370},
  year={2019},
  publisher={IEEE}
}

@article{nwankpa2018activation,
  title={Activation functions: Comparison of trends in practice and research for deep learning},
  author={Nwankpa, Chigozie and Ijomah, Winifred and Gachagan, Anthony and Marshall, Stephen},
  journal={arXiv preprint arXiv:1811.03378},
  year={2018}
}

@article{de2019machine,
  title={Machine Learning in KM3NeT},
  author={De Sio, Chiara},
  booktitle={EPJ Web of Conferences},
  volume={207},
  pages={05004},
  year={2019},
  organization={EDP Sciences}
}

@article{adrian2016letter,
  title={Letter of intent for KM3NeT 2.0},
  author={Adrian-Martinez, Silvia and Ageron, M and Aharonian, F and Aiello, S and Albert, A and Ameli, F and Anassontzis, E and Andre, M and Androulakis, G and Anghinolfi, M and others},
  journal={Journal of Physics G: Nuclear and Particle Physics},
  volume={43},
  number={8},
  pages={084001},
  year={2016},
  publisher={IOP Publishing}
}

@article{aiello2019km3net,
  title={KM3NeT front-end and readout electronics system: hardware, firmware, and software},
  author={Aiello, Sebastiano and Ameli, Fabrizio and Margiotta, Annarita and Andre, Michel and Androulakis, Giorgos and Anghinolfi, Marco and Marinelli, Antonio and Anton, Gisela and Ardid, Miquel and Markou, Christos and others},
  journal={Journal of Astronomical Telescopes, Instruments, and Systems},
  volume={5},
  number={4},
  pages={046001},
  year={2019},
  publisher={International Society for Optics and Photonics}
}

@phdthesis{karas2019data,
  title={Data processing pipeline for the KM3NeT neutrino telescope},
  author={Kara{\'s}, Konrad},
  year={2019},
  school={Universiteit van Amsterdam}
}

@phdthesis{bakker2011trigger,
  title={Trigger studies for the Antares and KM3NeT neutrino telescopes},
  author={Bakker, B},
  year={2011},
  school={Masterâ€™s thesis, University of Amsterdam}
}

@article{margiotta2014km3net,
  title={The KM3NeT deep-sea neutrino telescope},
  author={Margiotta, Annarita and KM3NeT Collaboration and others},
  journal={Nuclear Instruments and Methods in Physics Research Section A: Accelerators, Spectrometers, Detectors and Associated Equipment},
  volume={766},
  pages={83--87},
  year={2014},
  publisher={Elsevier}
}

@phdthesis{post2019km3nnet,
  title={"KM3NNeT" A neural network for triggering and classifying raw KM3NeT data},
  author={Maarten Post},
  year={2019},
  school={Universiteit van Amsterdam}
}

@online{pandas,
  title={Pandas},
  url={https://pandas.pydata.org}
}

@online{numpy,
  title={NumPy - The fundamental package for scientific computing with Python},
  url={https://numpy.org/}
}

@article{branco2015survey,
  title={A survey of predictive modelling under imbalanced distributions},
  author={Branco, Paula and Torgo, Luis and Ribeiro, Rita},
  journal={arXiv preprint arXiv:1505.01658},
  year={2015}
}

@book{fernandez2018learning,
  title={Learning from imbalanced data sets},
  author={Fern{\'a}ndez, Alberto and Garc{\'\i}a, Salvador and Galar, Mikel and Prati, Ronaldo C and Krawczyk, Bartosz and Herrera, Francisco},
  year={2018},
  publisher={Springer}
}

@inproceedings{ma2019high,
  title={High performance graph convolutional networks with applications in testability analysis},
  author={Ma, Yuzhe and Ren, Haoxing and Khailany, Brucek and Sikka, Harbinder and Luo, Lijuan and Natarajan, Karthikeyan and Yu, Bei},
  booktitle={Proceedings of the 56th Annual Design Automation Conference 2019},
  pages={1--6},
  year={2019}
}

@inproceedings{ma2019neugraph,
  title={Neugraph: parallel deep neural network computation on large graphs},
  author={Ma, Lingxiao and Yang, Zhi and Miao, Youshan and Xue, Jilong and Wu, Ming and Zhou, Lidong and Dai, Yafei},
  booktitle={2019 $\{$USENIX$\}$ Annual Technical Conference ($\{$USENIX$\}$$\{$ATC$\}$ 19)},
  pages={443--458},
  year={2019}
}

@inproceedings{zeng2019accurate,
  title={Accurate, efficient and scalable graph embedding},
  author={Zeng, Hanqing and Zhou, Hongkuan and Srivastava, Ajitesh and Kannan, Rajgopal and Prasanna, Viktor},
  booktitle={2019 IEEE International Parallel and Distributed Processing Symposium (IPDPS)},
  pages={462--471},
  year={2019},
  organization={IEEE}
}

@article{fortunato2010community,
  title={Community detection in graphs},
  author={Fortunato, Santo},
  journal={Physics reports},
  volume={486},
  number={3-5},
  pages={75--174},
  year={2010},
  publisher={Elsevier}
}

@article{traag2011narrow,
  title={Narrow scope for resolution-limit-free community detection},
  author={Traag, Vincent A and Van Dooren, Paul and Nesterov, Yurii},
  journal={Physical Review E},
  volume={84},
  number={1},
  pages={016114},
  year={2011},
  publisher={APS}
}

@inproceedings{krizhevsky2012imagenet,
  title={Imagenet classification with deep convolutional neural networks},
  author={Krizhevsky, Alex and Sutskever, Ilya and Hinton, Geoffrey E},
  booktitle={Advances in neural information processing systems},
  pages={1097--1105},
  year={2012}
}

@inproceedings{sainath2015convolutional,
  title={Convolutional, long short-term memory, fully connected deep neural networks},
  author={Sainath, Tara N and Vinyals, Oriol and Senior, Andrew and Sak, Ha{\c{s}}im},
  booktitle={2015 IEEE International Conference on Acoustics, Speech and Signal Processing (ICASSP)},
  pages={4580--4584},
  year={2015},
  organization={IEEE}
}

@article{radovic2018machine,
  title={Machine learning at the energy and intensity frontiers of particle physics},
  author={Radovic, Alexander and Williams, Mike and Rousseau, David and Kagan, Michael and Bonacorsi, Daniele and Himmel, Alexander and Aurisano, Adam and Terao, Kazuhiro and Wongjirad, Taritree},
  journal={Nature},
  volume={560},
  number={7716},
  pages={41--48},
  year={2018},
  publisher={Nature Publishing Group}
}

@article{neff2012signal,
  title={Signal classification for acoustic neutrino detection},
  author={Neff, Max and Anton, Gisela and Enzenh{\"o}fer, Alexander and Graf, Kay and H{\"o}{\ss}l, Juergen and Katz, Uli and Lahmann, Robert and Richardt, Carsten},
  journal={Nuclear Instruments and Methods in Physics Research Section A: Accelerators, Spectrometers, Detectors and Associated Equipment},
  volume={662},
  pages={S242--S245},
  year={2012},
  publisher={Elsevier}
}

@inproceedings{sadowski2015deep,
  title={Deep learning, dark knowledge, and dark matter},
  author={Sadowski, Peter and Collado, Julian and Whiteson, Daniel and Baldi, Pierre},
  booktitle={NIPS 2014 Workshop on High-energy Physics and Machine Learning},
  pages={81--87},
  year={2015}
}

@inproceedings{chiara2019machine,
  title={Machine Learning in KM3NeT},
  author={Chiara De Sio for the KM3NeT Collaboration and others},
  booktitle={EPJ Web of Conferences},
  volume={207},
  year={2019},
  organization={EDP Sciences}
}

 @article{psihas2020review,
   title={A Review on Machine Learning for Neutrino Experiments},
   author={Psihas, Fernanda and Groh, Micah and Tunnell, Christopher and Warburton, Karl},
   journal={arXiv preprint arXiv:2008.01242},
   year={2020}
 }

 @inproceedings{terwilliger2017vertex,
   title={Vertex reconstruction of neutrino interactions using deep learning},
   author={Terwilliger, Adam M and Perdue, Gabriel N and Isele, David and Patton, Robert M and Young, Steven R},
   booktitle={2017 International Joint Conference on Neural Networks (IJCNN)},
   pages={2275--2281},
   year={2017},
   organization={IEEE}
 }

 @article{mulmule2020machine,
   title={Machine learning technique to improve anti-neutrino detection efficiency for the ISMRAN experiment},
   author={Mulmule, D and Netrakanti, PK and Pant, LM and Nayak, BK},
   journal={Journal of Instrumentation},
   volume={15},
   number={04},
   pages={P04021},
   year={2020},
   publisher={IOP Publishing}
 }

@inproceedings{choma2018graph,
  title={Graph neural networks for icecube signal classification},
  author={Choma, Nicholas and Monti, Federico and Gerhardt, Lisa and Palczewski, Tomasz and Ronaghi, Zahra and Prabhat, Prabhat and Bhimji, Wahid and Bronstein, Michael and Klein, Spencer and Bruna, Joan},
  booktitle={2018 17th IEEE International Conference on Machine Learning and Applications (ICMLA)},
  pages={386--391},
  year={2018},
  organization={IEEE}
}

@inproceedings{li2018deep,
  title={Deep Learning for Signal and Background Discrimination in Liquid based Neutrino Experiment},
  author={Li, Rui and You, Z and Zhang, Yumei},
  booktitle={J. Phys.: Conf. Ser},
  volume={1085},
  pages={042037},
  year={2018}
}

