@article{adrian2016letter,
  title={Letter of intent for KM3NeT 2.0},
  author={Adrian-Martinez, Silvia and Ageron, M and Aharonian, F and Aiello, S and Albert, A and Ameli, F and Anassontzis, E and Andre, M and Androulakis, G and Anghinolfi, M and others},
  journal={Journal of Physics G: Nuclear and Particle Physics},
  volume={43},
  number={8},
  pages={084001},
  year={2016},
  publisher={IOP Publishing}
}

@article{aiello2019km3net,
  title={KM3NeT front-end and readout electronics system: hardware, firmware, and software},
  author={Aiello, Sebastiano and Ameli, Fabrizio and Margiotta, Annarita and Andre, Michel and Androulakis, Giorgos and Anghinolfi, Marco and Marinelli, Antonio and Anton, Gisela and Ardid, Miquel and Markou, Christos and others},
  journal={Journal of Astronomical Telescopes, Instruments, and Systems},
  volume={5},
  number={4},
  pages={046001},
  year={2019},
  publisher={International Society for Optics and Photonics}
}

@phdthesis{karas2019data,
  title={Data processing pipeline for the KM3NeT neutrino telescope},
  author={Kara{\'s}, Konrad},
  year={2019},
  school={Universiteit van Amsterdam}
}

@article{margiotta2014km3net,
  title={The KM3NeT deep-sea neutrino telescope},
  author={Margiotta, Annarita and KM3NeT Collaboration and others},
  journal={Nuclear Instruments and Methods in Physics Research Section A: Accelerators, Spectrometers, Detectors and Associated Equipment},
  volume={766},
  pages={83--87},
  year={2014},
  publisher={Elsevier}
}

@phdthesis{post2019km3nnet,
  title={"KM3NNeT" A neural network for triggering and classifying raw KM3NeT data},
  author={Maarten Post},
  year={2019},
  school={Universiteit van Amsterdam}
}

@online{pandas,
  title={Pandas},
  url={https://pandas.pydata.org}
}

@online{numpy,
  title={NumPy - The fundamental package for scientific computing with Python},
  url={https://numpy.org/}
}
